@String{aaai        = {Proc. of the National Conference on Artificial Intelligence ({AAAI})}}
@String{acc         = {Proc. of the American Control Conference ({ACC})}}
@String{acl         = {Proc. of the Annual Meeting of the Association for Computational Linguistics ({ACL})}}
@String{acmtissec   = {{ACM} Transactions on Information Systems Security}}
@String{acpr        = {Proc. of the {IAPR} Asian Conference on Pattern Recognition ({ACPR})}}
@String{acsac       = {Proc. of the Annual Computer Security Applications Conference ({ACSAC})}}
@String{aies        = {Proc. of the {AAAI/ACM} Conference on AI, Ethics, and Society ({AIES})}}
@String{aisec       = {Proc. of the {ACM} Workshop on Artificial Intelligence and Security ({AISEC})}}
@String{aistats     = {Proc. of the International Conference on Artificial Intelligence and Statistics ({AISTATS})}}
@String{ares        = {Proc. of the International Conference on Availability, Reliability and Security ({ARES})}}
@String{ase         = {Proc. of the International Conference on Automated Software Engineering ({ASE})}}
@String{asiaccs     = {Proc. of the {ACM} Asia Conference on Computer and Communications Security ({ASIA CCS})}}
@String{asiaccs_old = {Proc. of the {ACM} Symposium on Information, Computer and Communications Security ({ASIACCS})}}
@String{asplos      = {Proc. of the International Conference on Architectural Support for Programming Languages and Operating Systems ({ASPLOS})}}
@String{atc         = {Proc. of the USENIX Annual Technical Conference ({ATC})}}
@String{automl      = {Proc. of the International Conference on Automated Machine Learning ({AutoML})}}
@String{bar         = {Proc. of the Workshop on Binary Analysis Research ({BAR})}}
@String{bhad        = {Proc. of Black Hat Abu Dhabi}}
@String{bheu        = {Proc. of Black Hat Europe}}
@String{bhusa       = {Proc. of Black Hat USA}}
@String{bigdata     = {Proc. of the {IEEE} International Conference on Big Data}}
@String{cacm        = {Communications of the {ACM}}}
@String{ccdc        = {Proc. of the {IEEE} Chinese Control and Decision Conference ({CCDC})}}
@String{ccs         = {Proc. of the {ACM} Conference on Computer and Communications Security ({CCS})}}
@String{cdc         = {Proc. of the {IEEE} Conference on Decision and Control ({CDC})}}
@String{cgo         = {Proc. of the International Symposium on Code Generation and Optimization ({CGO})}}
@String{chi         = {Extended Abstracts of Conference on Human Factors in Computing Systems ({{CHI}})}}
@String{chiext      = {Extended Abstracts of Conference on Human Factors in Computing Systems ({{CHI}})}}
@String{cikm        = {Proc. of {ACM} International Conference on Information and Knowledge Management ({CIKM})}}
@String{codaspy     = {Proc. of the {ACM} Conference on Data and Application Security and Privacy ({CODASPY})}}
@String{critis      = {Proc. of the Critical Information Infrastructures Security {CRITIS}}}
@String{csur        = {{ACM} Computing Surveys ({CSUR})}}
@String{cvpr        = {Proc. of the {IEEE} Conference on Computer Vision and Pattern Recognition {(CVPR)}}}
@String{cvprw       = {Proc. of the {IEEE} Conference on Computer Vision and Pattern Recognition Workshops {(CVPRW)}}}
@String{dimva       = {Proc. of the Conference on Detection of Intrusions and Malware {\&} Vulnerability Assessment ({DIMVA})}}
@String{discex      = {Proc. of the {DARPA} Information Survivability Conference and Exposition ({DISCEX})}}
@String{dsn         = {Proc. of the Conference on Dependable Systems and Networks ({DSN})}}
@String{dssaa       = {Proc. of the {IEEE} International Conference on Data Science and Advanced Analytics ({DSAA})}}
@String{ec2nd       = {Proc. of the European Conference on Computer Network Defense ({EC2ND})}}
@String{ecai        = {Proc. of the European Conference on Artificial Intelligence ({ECAI})}}
@String{eccv        = {Proc. of the European Conference on Computer Vision ({ECCV})}}
@String{ecmlpkdd    = {Proc. of the European Conference on Machine Learning and Knowledge Discovery in Databases ({ECML/PKDD})}}
@String{ecmlpkddw   = {Proc. of the European Conference on Machine Learning and Knowledge Discovery in Databases ({ECML/PKDD} Workshops)}}
@String{eicar       = {Proc. of the Annual Conference of the European Institute for Computer Antivirus Research ({EICAR})}}
@String{emnlp       = {Proc. of the Conference on Empirical Methods in Natural Language Processing ({EMNLP})}}
@String{emsoft      = {Proc. of the {ACM} International Conference on Embedded Software ({EMSOFT})}}
@String{esorics     = {Proc. of the European Symposium on Research in Computer Security ({ESORICS})}}
@String{eurosec     = {Proc. of the European Workshop on System Security ({EUROSEC})}}
@String{eurosp      = {Proc. of the {IEEE} European Symposium on Security and Privacy ({EuroS\&P})}}
@String{eusipco     = {Proc. of the European Signal Processing Conference ({EUSIPCO})}}
@String{facct       = {Proc. of the {ACM} Conference on Fairness, Accountability, and Transparency ({FAccT})}}
@String{fat         = {Proc. of the {ACM} Conference on Fairness, Accountability, and Transparency ({FAT*})}}
@String{fc          = {Proc. of the International Conference on Financial Cryptography and Data Security}}
@String{fc_old      = {Proc. of the International Conference on Financial Cryptography}}
@String{fse         = {Proc. of the {ACM SIGSOFT} Symposium on the Foundations of Software Engineering}}
@String{hicons      = {Proc. of the {ACM} International Conference on High Confidence Networked Systems ({HiCoNS})}}
@String{hitbgsec    = {Proc. of Hack in the Box GSEC}}
@String{hitbsecconf = {Proc. of the Hack in the Box Security Conference}}
@String{iasted_se   = {Proc. of the Conference on {IASTED} International Multi-Conference: Software Engineering ({SE})}}
@String{icann       = {Proc. of the International Conference on Artificial Neural Networks ({ICANN})}}
@String{iccv        = {Proc. of the {IEEE/CVF} International Conference on Computer Vision ({ICCV})}}
@String{iccvw       = {Proc. of the {IEEE/CVF} International Conference on Computer Vision ({ICCV}) Workshops}}
@String{icdm        = {Proc. of the International Conference on Data Mining ({ICDM})}}
@String{icdmw       = {Proc. of the International Conference on Data Mining Workshops ({ICDM} Workshops)}}
@String{icics       = {Proc. of the International Conference on Information and Communications Security ({ICICS})}}
@String{icip        = {Proc. of the {IEEE} International Conference on Image Processing ({ICIP})}}
@String{icis        = {Proc. of the International Conference on Information Systems ({ICIS})}}
@String{iclr        = {Proc. of the International Conference on Learning Representations ({ICLR})}}
@String{iclrposter  = {Proc. of the International Conference on Learning Representations ({ICLR}) Poster Track Proceedings}}
@String{iclrw       = {Proc. of the International Conference on Learning Representations ({ICLR}) Workshop Track Proceedings}}
@String{icml        = {Proc. of the International Conference on Machine Learning ({ICML})}}
@String{icnp        = {Proc. of the {IEEE} International Conference on Network Protocols ({ICNP})}}
@String{icpr        = {Proc. of the International Conference on Pattern Recognition}}
@String{icse        = {Proc. of the International Conference on Software Engineering ({ICSE})}}
@String{ieeesb      = {Proc. of the {IEEE} Security and Privacy on the Blockchain Workshop}}
@String{ieeesp      = {Proc. of the {IEEE} Symposium on Security and Privacy ({S\&P})}}
@String{ieeespw     = {Proc. of the {IEEE} Symposium on Security and Privacy Workshops}}
@String{ijcai       = {Proc. of the International Joint Conference on Artificial Intelligence ({IJCAI})}}
@String{ijcaixai    = {Proc. of the {IJCAI} Workshop of explainable AI ({XAI})}}
@String{ijcnn       = {Proc. of the International Joint Conference on Neural Networks ({IJCNN})}}
@inproceedings{Zhang2020Interpretable,
  title     = {Interpretable Deep Learning under Fire},
  booktitle = {Proc. of the {USENIX} Security Symposium}},
  author    = {Zhang, Xinyang and Wang, Ningfei and Shen, Hua and Ji, Shouling and Luo, Xiapu and Wang, Ting},
  year      = {2020}
}

@article{Dombrowski2022Robust,
  title   = {Towards Robust Explanations for Deep Neural Networks},
  author  = {Dombrowski, Ann-Kathrin and Anders, Christopher J. and M{\"u}ller, Klaus-Robert and Kessel, Pan},
  year    = {2022},
  journal = {Pattern Recognition},
  volume  = {121},
  pages   = {108194}
}

@inproceedings{Kuppa2020Black,
  title     = {Black Box Attacks on Explainable Artificial Intelligence ({XAI}) Methods in Cyber Security},
  booktitle = {Proc. of the International Joint Conference on Neural Networks ({IJCNN})}},
  author    = {Kuppa, Aditya and {Le-Khac}, Nhien-An},
  year      = {2020},
  pages     = {1--8}
}

@inproceedings{Dombrowski2019Explanations,
  title     = {Explanations Can Be Manipulated and Geometry Is to Blame},
  booktitle = {Proc. of the Annual Conference on Neural Information Processing Systems ({NeurIPS})}},
  author    = {Dombrowski, Ann-Kathrin and Alber, Maximillian and Anders, Christopher and Ackermann, Marcel and M{\"u}ller, Klaus-Robert and Kessel, Pan},
  year      = {2019},
  pages     = {13567--13578}
}

@inproceedings{Ghorbani2019Interpretation,
  title     = {Interpretation of Neural Networks Is Fragile},
  booktitle = {Proc. of the National Conference on Artificial Intelligence ({AAAI})}},
  author    = {Ghorbani, Amirata and Abid, Abubakar and Zou, James Y.},
  year      = {2019}
}

@inproceedings{Fan2021Jointly,
  title     = {Jointly Attacking Graph Neural Network and Its Explanations},
  author    = {Wenqi Fan and
               Han Xu and
               Wei Jin and
               Xiaorui Liu and
               Xianfeng Tang and
               Suhang Wang and
               Qing Li and
               Jiliang Tang and
               Jianping Wang and
               Charu C. Aggarwal},
  year      = {2023},
  pages     = {654--667},
  booktitle = {Proc. of the IEEE International Conference on Data Engineering ({ICDE})}
}



